% If using a paper from arXiv, try to find the relavent paper in a published journal.
% If it has not been published yet, you can get the bibtex entry (for referencing in Latex) from this website.
% Put in the code to the paper as given on the arXiv site and copy what it gives you to the references file.

% Example - Book
@book{unique_name,
       author = {Writer, A. and Author B.},
        title = {How to Include References},
    publisher = {Birmingham Press, UK},
         year = "2013",
}

% Example - Article
@article{another_unique_name,
        title = {Referencing Articles in Bibtex},
       author = {Monz, Thomas and Schindler, Philipp and Barreiro, Julio T. and Chwalla},
      journal = {Phys. Rev. Lett.},
       volume = {106},
        issue = {13},
        pages = {177-201},
     numpages = {4},
         year = {2011},
        month = {Mar},
          doi = {10.1103/PhysRevLett.106.130506},
          url = {http://link.aps.org/doi/10.1103/PhysRevLett.106.130506},
    publisher = {American Physical Society}
}

% Example - Conference
@inproceedings{another_name,
       author = {Kleinjung, Thorsten and Aoki, Kazumaro and Franke, Jens and Lenstra, Arjen K. and Thom{\'e}},
        title = {Factorization of a 768-bit RSA modulus},
    booktitle = {Proceedings of the 30th annual conference on Advances in cryptology},
       series = {CRYPTO'10},
         year = {2010},
         isbn = {3-642-14622-8, 978-3-642-14622-0},
     location = {Santa Barbara, CA, USA},
        pages = {333--350},
     numpages = {18},
          url = {http://dl.acm.org/citation.cfm?id=1881412.1881436},
        acmid = {1881436},
    publisher = {Springer-Verlag},
      address = {Berlin, Heidelberg},
     keywords = {RSA, number field sieve},
}

% Example - For websites etc.
@misc{something_new,
  author    = {Joe Bloggs},
  title     = {{Measurements From WMAP}},
  howpublished  = "\url{http://en.wikipedia.org/wiki/File:Perfect-image-that-cant-be-found-elsewhere.svg}",
  year      = {2012},
}

%-----------------------------------------------------------------------------------------

@misc{nasa_uni_shape,
  author    = {Dr. Edward J. Wollack},
  title     = {{Measurements From WMAP}},
  howpublished  = "\url{http://map.gsfc.nasa.gov/universe/uni_shape.html}",
  year      = {2012},
}

@misc{Hubsite_1,
    author = "Space Telescope Science Institute",
       howpublished = "\url{http://hubblesite.org/the_telescope/hubble_essentials/quick_facts.php}"
}
@misc{NASA_1,
    author = "NASA",
      year = "2011",
       howpublished = "\url{http://solarsystem.nasa.gov/missions/profile.cfm?MCode=HST}"
}
@misc{Hubsite_2,
    author = "Space Telescope Science Institute",
       howpublished = "\url{http://hubblesite.org/hubble_discoveries/breakthroughs/cosmology}"
}
@misc{Hubsite_3,
    author = "Space Telescope Science Institute",
       howpublished = "\url{http://hubblesite.org/hubble_discoveries/breakthroughs/planetary}"
}
@misc{Hubsite_4,
    author = "Space Telescope Science Institute",
       howpublished = "\url{http://hubblesite.org/the_telescope/nuts_.and._bolts/spacecraft_systems/}"
}
@misc{Hubsite_5,
    author = "Space Telescope Science Institute",
       howpublished = "\url{http://hubblesite.org/the_telescope/nuts_.and._bolts/optics/}"
}
@misc{ESA_1,
    author = "ESA",
       howpublished = "\url{http://www.spacetelescope.org/about/history/servicing_mission_1/}"
}
@misc{ESA_2,
    author = "ESA",
       howpublished = "\url{http://www.spacetelescope.org/science/deep_fields/}"
}
@book{WFC3_IHB,
       author = {Dressel, L.},
        title = {Wide Field Camera 3 Instrument Handbook, Version 5.0},
    publisher = {StScI, Baltimore},
         year = "2012",
}

@ARTICLE{WMAP9,
   author = {{Hinshaw}, G. and {Larson}, D. and {Komatsu}, E. and {Spergel}, D.~N. and
	{Bennett}, C.~L. and {Dunkley}, J. and {Nolta}, M.~R. and {Halpern}, M. and
	{Hill}, R.~S. and {Odegard}, N. and {Page}, L. and {Smith}, K.~M. and
	{Weiland}, J.~L. and {Gold}, B. and {Jarosik}, N. and {Kogut}, A. and
	{Limon}, M. and {Meyer}, S.~S. and {Tucker}, G.~S. and {Wollack}, E. and
	{Wright}, E.~L.},
    title = "{Nine-Year Wilkinson Microwave Anisotropy Probe (WMAP) Observations: Cosmological Parameter Results}",
  journal = {ArXiv e-prints},
archivePrefix = "arXiv",
   eprint = {1212.5226},
 primaryClass = "astro-ph.CO",
 keywords = {Astrophysics - Cosmology and Extragalactic Astrophysics},
     year = 2012,
    month = dec,
   adsurl = {http://adsabs.harvard.edu/abs/2012arXiv1212.5226H},
  adsnote = {Provided by the SAO/NASA Astrophysics Data System}
}

@article{hubble_parameter_astro_journal,
  author={Cong Ma and Tong-Jie Zhang},
  title={Power of Observational Hubble Parameter Data: A Figure of Merit Exploration},
  journal={The Astrophysical Journal},
  volume={730},
  number={2},
  pages={74},
  url={http://stacks.iop.org/0004-637X/730/i=2/a=74},
  year={2011},
  abstract={We use simulated Hubble parameter data in the redshift range 0 ≤ z ≤ 2 to explore the role and power of observational H ( z ) data in constraining cosmological parameters of the ΛCDM model. The error model of the simulated data is empirically constructed from available measurements and scales linearly as z increases. By comparing the median figures of merit calculated from simulated data sets with that of current Type Ia supernova (SNIa) data, we find that as many as 64 further independent measurements of H ( z ) are needed to match the parameter constraining power of SNIa. If the error of H ( z ) could be lowered to 3%, the same number of future measurements would be needed, but then the redshift coverage would only be required to reach z = 1. We also show that accurate measurements of the Hubble constant H 0 can be used as priors to increase the H ( z ) data's figure of merit.}
}

@ARTICLE{Bouwens2011,
   author = {{Bouwens}, R.~J. and {Illingworth}, G.~D. and {Oesch}, P.~A. and
	{Labb{\'e}}, I. and {Trenti}, M. and {van Dokkum}, P. and {Franx}, M. and
	{Stiavelli}, M. and {Carollo}, C.~M. and {Magee}, D. and {Gonzalez}, V.
	},
    title = "{Ultraviolet Luminosity Functions from 132 z \~{} 7 and z \~{} 8 Lyman-break Galaxies in the Ultra-deep HUDF09 and Wide-area Early Release Science WFC3/IR Observations}",
  journal = {apj},
archivePrefix = "arXiv",
   eprint = {1006.4360},
 primaryClass = "astro-ph.CO",
 keywords = {galaxies: evolution, galaxies: high-redshift},
     year = 2011,
    month = aug,
   volume = 737,
      eid = {90},
    pages = {90},
      doi = {10.1088/0004-637X/737/2/90},
   adsurl = {http://adsabs.harvard.edu/abs/2011ApJ...737...90B},
  adsnote = {Provided by the SAO/NASA Astrophysics Data System}
}

@article{WMAP_Observations_Cosmological_Interpretation,
  author={E. Komatsu and K. M. Smith and J. Dunkley and C. L. Bennett and B. Gold and G. Hinshaw and N. Jarosik and D. Larson and M. R.
Nolta and L. Page and D. N. Spergel and M. Halpern and R. S. Hill and A. Kogut and M. Limon and S. S. Meyer and N. Odegard and G. S.
Tucker and J. L. Weiland and E. Wollack and E. L. Wright},
  title={Seven-year Wilkinson Microwave Anisotropy Probe (WMAP) Observations: Cosmological Interpretation},
  journal={The Astrophysical Journal Supplement Series},
  volume={192},
  number={2},
  pages={18},
  url={http://stacks.iop.org/0067-0049/192/i=2/a=18},
  year={2011},
}

@misc{bbc_euclid,
  author    = {J.  Amos},
  title     = {Euclid telescope to probe dark universe},
  howpublished  = "\url{http://www.bbc.co.uk/news/science-environment-18503703}",
  year      = {2012},
}

@misc{first_galaxies_dropout_at_z7,
  author    = {G. Illingworth},
  title     = {A Resource for Research on the Most Distant Galaxies},
  howpublished  = "\url{http://www.firstgalaxies.org/the-first-galaxies}",
  year      = {2011},
}

@misc{BasicObservationalKnowledge,
  author        = {D. Barry},
  title         = { Basic Observational Knowledge},
  howpublished  = "\url{http://coursewiki.astro.cornell.edu/Astro4410/BasicObservationalKnowledge}",
  year          = {2009},
}

@article{refId0,
  author = {{L. Girardi} and {G. Bertelli} and {A. Bressan} and {C. Chiosi} and {M. A. T. Groenewegen} and {P. Marigo} and {B. Salasnich} and {A. Weiss}},
  title = {Theoretical isochrones in several photometric systems},
  DOI= "10.1051/0004-6361:20020612",
  url= "http://dx.doi.org/10.1051/0004-6361:20020612",
  journal = {A\&A},
  year = 2002,
  volume = 391,
  number = 1,
  pages = "195-212",
  month = "",
}

@book{Galactic_Astronomy_Binney_Merrifield,
       author = {{J. Binney} and {M. Merrifield}},
        title = {Galactic Astronomy},
    publisher = {Princepton University Press},
         year = "1998",
}

@article{0004-637X-762-1-32,
  author={Dan Coe and Adi Zitrin and Mauricio Carrasco and Xinwen Shu and Wei Zheng and Marc Postman and Larry Bradley and Anton
Koekemoer and Rychard Bouwens and Tom Broadhurst and Anna Monna and Ole Host and Leonidas A. Moustakas and Holland Ford and John
Moustakas and Arjen van der Wel and Megan Donahue and Steven A. Rodney and Narciso Ben\'\i tez and Stephanie Jouvel and Stella
Seitz and Daniel D. Kelson and Piero Rosati},
  title={CLASH: Three Strongly Lensed Images of a Candidate z 11 Galaxy},
  journal={The Astrophysical Journal},
  volume={762},
  number={1},
  pages={32},
  url={http://stacks.iop.org/0004-637X/762/i=1/a=32},
  year={2013},
  abstract={We present a candidate for the most distant galaxy known to date with a photometric redshift of z = 10.7 +0.6 –0.4 (95% confidence limits; with z < 9.5 galaxies of known types ruled out at 7.2σ). This J -dropout Lyman break galaxy, named MACS0647-JD, was discovered as part of the Cluster Lensing and Supernova survey with Hubble (CLASH). We observe three magnified images of this galaxy due to strong gravitational lensing by the galaxy cluster MACSJ0647.7+7015 at z = 0.591. The images are magnified by factors of ~80, 7, and 2, with the brighter two observed at ~26th magnitude AB (~0.15 μJy) in the WFC3/IR F160W filter (~1.4-1.7 μm) where they are detected at ##IMG## [http://ej.iop.org/icons/Entities/gsim.gif] {gsim} 12σ. All three images are also confidently detected at ##IMG## [http://ej.iop.org/icons/Entities/gsim.gif] {gsim} 6σ in F140W (~1.2-1.6 μm), dropping out of detection from 15 lower wavelength Hubble Space Telescope filters (~0.2-1.4 μm), and lacking bright detections in Spitzer /IRAC 3.6 μm and 4.5 μm imaging (~3.2-5.0 μm). We rule out a broad range of possible lower redshift interlopers, including some previously published as high-redshift candidates. Our high-redshift conclusion is more conservative than if we had neglected a Bayesian photometric redshift prior. Given CLASH observations of 17 high-mass clusters to date, our discoveries of MACS0647-JD at z ~ 10.8 and MACS1149-JD at z ~ 9.6 are consistent with a lensed luminosity function extrapolated from lower redshifts. This would suggest that low-luminosity galaxies could have reionized the universe. However, given the significant uncertainties based on only two galaxies, we cannot yet rule out the sharp drop-off in number counts at z ##IMG## [http://ej.iop.org/icons/Entities/gsim.gif] {gsim} 10 suggested by field searches.}
}

@article{0004-637X-685-2-705,
  author={Johan Richard and Daniel P. Stark and Richard S. Ellis and Matthew R. George and Eiichi Egami and Jean-Paul Kneib and Graham
P. Smith},
  title={A Hubble and Spitzer Space Telescope Survey for Gravitationally Lensed Galaxies: Further Evidence for a Significant Population of Low-Luminosity Galaxies beyond z = 7},
  journal={The Astrophysical Journal},
  volume={685},
  number={2},
  pages={705},
  url={http://stacks.iop.org/0004-637X/685/i=2/a=705},
  year={2008},
  abstract={We present the results of a systematic search for gravitationally lensed continuum Lyman break "dropouts" beyond a redshift 7 conducted via very deep imaging through six foreground clusters undertaken with the Hubble and Spitzer space telescopes. The survey has yielded 10 z -band and two J -band dropout candidates to photometric limits of J 110 ##IMG## [http://ej.iop.org/icons/Entities/simeq.gif] {simeq} 26.2 AB (5 σ). Taking into account the magnifications afforded by our clusters (1-4 mag), we probe the presence of z > 7 sources to unlensed limits of J 110 ##IMG## [http://ej.iop.org/icons/Entities/simeq.gif] {simeq} 30 AB, fainter than those charted in the Hubble Ultradeep Field. To verify the fidelity of our candidates we conduct a number of tests for instrumental effects which would lead to spurious detections, and carefully evaluate the likelihood of foreground contamination by considering photometric uncertainties in the dropout signature, the upper limits from stacked IRAC data and the statistics of multiply imaged sources. Overall, we conclude that we can expect about half of our sample of z -band dropouts to be at high redshift. An ambitious infrared spectroscopic campaign undertaken with the NIRSPEC spectrograph at the W. M. Keck Observatory for seven of the most promising candidates failed to detect any Lyα emission highlighting the challenge of making further progress in this field. While the volume density of high-redshift sources will likely remain uncertain until more powerful facilities are available, our data provides the first potentially interesting constraints on the UV luminosity function at z ##IMG## [http://ej.iop.org/icons/Entities/simeq.gif] {simeq} 7.5 at intrinsically faint limits. We discuss the implications of our results in the context of the hypothesis that the bulk of the reionizing photons in the era 7 < z < 12 arise in low-luminosity galaxies undetected by conventional surveys.}
}

@article{1538-4357-635-1-L5,
  author={Ranga-Ram Chary and Daniel Stern and Peter Eisenhardt},
  title={Spitzer Constraints on the z = 6.56 Galaxy Lensed by Abell 370},
  journal={The Astrophysical Journal Letters},
  volume={635},
  number={1},
  pages={L5},
  url={http://stacks.iop.org/1538-4357/635/i=1/a=L5},
  year={2005},
  abstract={We report on Spitzer IRAC observations of the spectroscopically confirmed z = 6.56 lensed Lyα emitting source HCM 6A that was found behind the cluster Abell 370. Detection of the source at 3.6 and 4.5 μm, corresponding to rest-frame optical emission, allows us to study the stellar population of this primeval galaxy. The broadband flux density at 4.5 μm is enhanced compared to the continuum at other wavelengths, likely due to the presence of strong Hα in emission. The derived Hα line flux corresponds to a star formation rate of ##IMG## [http://ej.iop.org/icons/Entities/gtrsim.gif] {gtrsim} 140 M ☉ yr -1 , more than an order of magnitude larger than estimates from the ultraviolet continuum and Lyα emission line. The dust extinction required to explain the discrepancy is A V ~ 1 mag. The inference of dust at such high redshifts is surprising and implies that the first epoch of star formation in this galaxy occurred at z ~ 20.}
}

@misc{Spitzer_Heritage_Archive_Documentation,
  title         = {Spitzer: Data Archive},
  author        = {IRAC Instrument and Instrument Support Teams},
  howpublished  = "\url{http://sha.ipac.caltech.edu/applications/Spitzer/SHA/}",
  year          = {2013},
}

@misc{where_is_spitzer,
  author        = {NASA/JPL-Caltech},
  title         = {Where Is Spitzer Now?},
  howpublished  = "\url{http://www.spitzer.caltech.edu/mission/where_is_spitzer}",
  year          = {2013},
}

@misc{fast_facts_spitzer,
  author        = {Susan Watanabe},
  title         = {Fast Facts},
  howpublished  = "\url{http://www.spitzer.caltech.edu/info/277-Fast-Facts}",
  year          = {2012},
}

@misc{1102.4485,
  Author = {E. Mortsell and J. Jonsson},
  Title = {A model independent measure of the large scale curvature of the Universe},
  Year = {2011},
  Eprint = {arXiv:1102.4485},
}

@ARTICLE{Bouwens2012,
   author = {{Bouwens}, R.~J. and {Oesch}, P.~A. and {Illingworth}, G.~D. and
	{Labb{\'e}}, I. and {van Dokkum}, P.~G. and {Brammer}, G. and
	{Magee}, D. and {Spitler}, L.~R. and {Franx}, M. and {Smit}, R. and
	{Trenti}, M. and {Gonzalez}, V. and {Carollo}, C.~M.},
    title = "{Photometric Constraints on the Redshift of z \~{} 10 Candidate UDFj-39546284 from Deeper WFC3/IR+ACS+IRAC Observations over the HUDF}",
  journal = {apjl},
archivePrefix = "arXiv",
   eprint = {1211.3105},
 primaryClass = "astro-ph.CO",
 keywords = {galaxies: evolution, galaxies: high-redshift, galaxies: individual: UDFj-39546284 },
     year = 2013,
    month = mar,
   volume = 765,
      eid = {L16},
    pages = {L16},
      doi = {10.1088/2041-8205/765/1/L16},
   adsurl = {http://adsabs.harvard.edu/abs/2013ApJ...765L..16B},
  adsnote = {Provided by the SAO/NASA Astrophysics Data System}
}

@misc{distance_measures_cosmology,
  Author = {David W. Hogg},
  Title = {Distance measures in cosmology},
  Year = {1999},
  Eprint = {arXiv:astro-ph/9905116},
}

@article{cosmo_number_densities,
    author = {{Iribarrem, A. S.} and {Lopes, A. R.} and {Ribeiro, M. B.} and {Stoeger, W. R.}},
    title = {Relativistic cosmology number densities   and the luminosity function},
    DOI= "10.1051/0004-6361/201117535",
    url= "http://dx.doi.org/10.1051/0004-6361/201117535",
    journal = {A\&A},
    year = 2012,
    volume = 539,
    pages = "A112",
    month = "",
}

@misc{luminosity_functions_online,
  author        = {University of Virgina Department of Astronomy},
  title 		= {Luminosity Functions [online]},
  howpublished  = "\url{http://www.astro.virginia.edu/class/whittle/astr553/Topic04/Lecture_4.html}",
  year 			= {2005},
  Accessed      = {25-02-2013},
}

@book{interactions_and_Induced_Star_Formation,
       author = {{Robert C.} and {Kennicutt, F.} and {Schweizer, J.E.}},
        title = {Galaxies: Interactions and Induced Star Formation},
    publisher = {Springer},
         year = "1998",
}

@book{Newton_Opticks,
    author = {Isaac Newton},
    publisher = {.},
    title = { Opticks: or, a treatise of the reflections, refractions, inflections and colours of light. Fourth Edition},
    year = "1730",
}

@article{Cignoni,
   author = {{Cignoni}, M. and {Tosi}, M.},
    title = "{Star Formation Histories of Dwarf Galaxies from the Colour-Magnitude Diagrams of Their Resolved Stellar Populations}",
  journal = {Advances in Astronomy},
archivePrefix = "arXiv",
   eprint = {0909.4234},
 primaryClass = "astro-ph.GA",
     year = 2010,
   volume = 2010,
      eid = {158568},
      doi = {10.1155/2010/158568},
   adsurl = {http://adsabs.harvard.edu/abs/2010AdAst2010E...3C},
  adsnote = {Provided by the SAO/NASA Astrophysics Data System}
}

@article{Soldner,
    title = {Gravitational Lensing in Astronomy},
    author = {Joachim Wambsganss},
    journal = {Living Reviews in Relativity},
    year = {1998},
    number = {12},
    volume = {1},
    keywords = {},
    url = {http://www.livingreviews.org/lrr-1998-12}
}

@article{Conceptual_origins_of_GL,
    title = {The conceptual origins of gravitational lensing},
    author = {David Valls-Gabaud},
    journal = {Albert Einstein Century International Conference, AIP Conference Proceedings},
    volume = {861},
    pages = {1163-1171},
    numpages = {9},
    year = {2006},
    month = {Jun}, doi = {http://dx.doi.org/10.1063/1.2399715},
    url = {http://arxiv.org/abs/1206.1165v1 },
    publisher = {American Institute of Physics}
}

@article{Einstein_science_magazine,
    title = {Lens-Like Action of a Star by the Deviation of Light in the Gravitational Field },
    author = {Albert Einstein},
    journal = {Science. New Series},
    volume = {84},
    pages = {506-507},
    numpages = {2},
    year = {1936},
    month = {Dec},
    doi = {10.2307/1663250 },
    url = {http://www.jstor.org/stable/1663250 },
    publisher = {American Association for the Advancement of Science}
}

@misc{Eddington_GL_evidence,
    author = {Bernard Burchell},
    title = {{General Relativity Experiments}},
    howpublished = "\url{ http://www.alternativephysics.org/book/GRexperiments.htm}",
    year = {2011},
}

@misc{F_Link_GL,
    author = {Ji\v{r}\'\i Bi\v{c}\'{a}k},
    title = {{Einstein's Days and Works in Prague}}, howpublished = "\url{ http://ae100prg.mff.cuni.cz/presentations/Bicak_Jiri.pdf}",
    year = {2012},
}

@misc{Distant_object_Abell2218,
    author = {C.R. Nave},
    title = {{Magnification with a Gravitational Lens?}},
    howpublished = "\url{ http://hyperphysics.phy-astr.gsu.edu/%E2%80%8Chbase/Astro/glens.html}",
    year = {2012},
}

@book{Hartle,
    author = {James B. Hartle},
    title = {Gravity: an introduction to Einstein's general relativity},
    publisher = {Addison Wesley, America},
    year = "2003",
}

@misc{Lensing_light_bending_diagram,
    title = {{Einstein Radius}},
    howpublished = "\url{http://en.wikipedia.org/wiki/Einstein_radius}",
    year = {2012},
}

@misc{Image_arc_curvature,
    author = {Bernard Burchell},
    title = {{Analysis of Gravitational Lensing in Abell 1689}},
    howpublished = "\url{ http://www.alternativephysics.org/book/Abell1689.htm}",
    year = {2010},
}

@misc{Arc_shapes_site,
    author = {Emma Grocutt},
    title = {{What is Gravitational Lensing?}},
    howpublished = "\url{ http://www.cfhtlens.org/public/what-gravitational-lensing}",
    year = {2013},
}

@article{IOP_ABmagnification_site,
    title = {Detecting and Interpreting Statistical Lensing by Absorbers},
    author = {Brice Ménard},
    journal = {The Astrophysical Journal},
    issue = {630},
    pages = {28-37},
    numpages = {10},
    year = {2005},
    month = {Sep},
    url = {http://iopscience.iop.org/0004-637X/630/1/28/fulltext/61664.text.html},
    publisher = {The American Astronomical Society}
}

@article{Euclid_Definition_Study_Report,
  title   = "Euclid Definition Study Report",
  author  = "R. Laureijs and J. Amiaux and S. Arduini and {-L. Auguères}, et al",
  year    = "2011",
  journal = "ESA report",
}

@book{NISP_Performance_Analysis_ReportEUCL,
    title = {NISP Performance Analysis Report},
    publisher = {ESA},
    author = {Ref: EUCL-MPI-NPS-RP-00079},
    year = "2012",
}

@misc{Quantum_Coatings_Incorporated,
 author     = {Quantum Coatings Incorporated},
 title    = {{Gold - FSG98 and more!}},
 howpublished  = "\url{http://www.quantumcoating.com/fsg98.asp}",
 year       = {2013},
}

@misc{WIRCam_Throughput,
 author     = {Canada-France-Hawaii Telescope},
 title    = {{WIRCam Throughput}},
 howpublished  = "\url{http://www.cfht.hawaii.edu/Instruments/Imaging/WIRCam/WIRCamThroughput.html}",
 year       = {2013},
}

@book{Astronomical_Image_Processing,
      author = {Richard Berry and James Burnell},
       title = {The handbook of Astronomical Image Processing},
   publisher = {Willmann-Bell; 1 edition},
        year = "2000",
}

@misc{Southern_Observatory_throughput,
 author     = {European Southern Observatory},
 title    = {{EEV44-82 CCDs Performance overview}},
 howpublished  = "\url{http://www.eso.org/sci/facilities/develop/detectors/optdet/docs/reports/EEV-report.html}",
 year       = {1999},
}

@article{atmospheric_radiation_model,
  author = {{Noll}, S. and {Kausch}, W. and {Barden}, M. and {Jones}, A.~M. and
  {Szyszka}, C. and {Kimeswenger}, S. and {Vinther}, J.},
   title = "{An atmospheric radiation model for Cerro Paranal. I. The optical spectral range}",
 journal = {aap},
archivePrefix = "arXiv",
  eprint = {1205.2003},
primaryClass = "astro-ph.IM",
keywords = {atmospheric effects, site testing, radiative transfer, radiation mechanisms: general, scattering, techniques: spectroscopic},
    year = {2012},
   month = {jul},
  volume = {543},
     doi = {10.1051/0004-6361/201219040},
 adsnote = {Provided by the SAO/NASA Astrophysics Data System},
}

@article{residual_OH_emission,
       title = {A method to remove residual OH emission from near-infrared spectra},
      author = {Davies, R. I.},
     journal = {Monthly Notices of the Royal Astronomical Society},
      volume = {375},
       issue = {3},
       pages = {1099},
    numpages = {4},
        year = {2007},
       month = {Mar},
         doi = {10.1111/j.1365-2966.2006.11383.x},
         url = {http://articles.adsabs.harvard.edu//full/2007MNRAS.375.1099D/0001099.000.html},
   publisher = {Monthly Notices of the Royal Astronomical Society}
}

@book{Peter_Schneider_IR,
      author = {Peter Schneider},
       title = {Extragalactic Astronomy and Cosmology},
   publisher = {Springer},
        year = "2010",
}

@misc{Seeing,
 author     = {Oceanside Photo and Telescope},
 title    = {{Astronomical Seeing}},
 howpublished  = "\url{http://www.optcorp.com/edu/articleDetailEDU.aspx?aid=2250}",
 year       = {2008},
}

@misc{FWHM,
 author     = {Williams},
 title    = {{FWHM}},
 howpublished  = "\url{http://web.williams.edu/astronomy/Course-Pages/402/FWHM.gif}",
 year       = {2007},
}

@misc{Adaptive,
 author     = {Williams},
 title    = {{SUBARU Telescope}},
 howpublished  = "\url{http://www.nalux-world.com/subaru_e.php}",
 year       = {2013},
}

@book{Diffraction_Limited_Imaging_Saha,
      author = {Swapan K Saha},
       title = { Diffraction-Limited Imaging with Large and Moderate Telescopes},
   publisher = {World Scientific Publishing Co. Pte. Ltd.},
        year = "2007",
}

@article{liddle2003introduction,
  title={An introduction to modern cosmology},
  author={Liddle, Andrew},
  journal={An Introduction to Modern Cosmology, Second Edition, by Andrew Liddle, pp. 188. ISBN 0-470-84834-0. Wiley-VCH, May 2003.},
  volume={1},
  year={2003}
}

@article{Monteagudo2006,
  author={Carlos Hernández-Monteagudo and Licia Verde and Raul Jimenez},
  title={Tomography of the Reionization Epoch with Multifrequency CMB Observations},
  journal={The Astrophysical Journal},
  volume={653},
  number={1},
  pages={1},
  url={http://stacks.iop.org/0004-637X/653/i=1/a=1},
  year={2006}
}
@misc{DRIZZLE,
  author = {STScI},
  title = {{DRIZZLE Information}},
  howpublished = "\url{http://www.stsci.edu/hst/HST_overview/drizzlepac}",
  year = {2012}
}

@ARTICLE{ADC_Kamensky,
   author = {{Kamensk{\'y}}, M. and {Kov{\'a}{\v c}}, K.},
    title = "{Correction of ADC Errors by Additive Iterative Method with Dithering}",
  journal = {Measurement Science Review},
 keywords = {Iterative Correction, Dithering, ADC error},
     year = 2011,
    month = jan,
   volume = 11,
    pages = {15-18},
      doi = {10.2478/v10048-011-0004-3},
   adsurl = {http://adsabs.harvard.edu/abs/2011MeScR..11...15K},
  adsnote = {Provided by the SAO/NASA Astrophysics Data System}
}

@article{CLASH,
        title = {The Cluster Lensing and Supernova Survey with Hubble: An Overview},
       author = {Marc Postman and Dan Coe and Narciso Ben\'\i tez and Larry Bradley et al},
      journal = {The Astrophysical Journal Supplement Series},
       volume = {199},
        issue = {2},
         year = {2012},
        month = {Apr},
          doi = {10.1088/0067-0049/199/2/25},
          url = {http://iopscience.iop.org/0067-0049/199/2/25/pdf/apjs_199_2_25.pdf},
    publisher = {The American Astronomical Society}
}

@article{MACS,
        title = {MACS: A Quest for the Most Massive Galaxy Clusters in the Universe},
       author = {H. Ebeling and A. C. Edge and J. P. Henry },
      journal = {The Astrophysical Journal},
        issue = {553},
        pages = {668-676},
     numpages = {9},
         year = {2001},
        month = {Jun},
          url = {http://iopscience.iop.org/0004-637X/553/2/668/fulltext/52625.text.html},
    publisher = {The American Astronomical Society}
}

@article{CLASH_z11_candidate,
        title = {CLASH: THREE STRONGLY LENSED IMAGES OF A CANDIDATE $z=11$ GALAXY},
       author = {Dan Coe and Adi Zitrin and Mauricio Carrasco and Xinwen Shu et al},
      journal = {Astrophysical Journal},
       volume = {762},
        issue = {1},
        pages = {177-201},
     numpages = {4},
         year = {2013},
        month = {Jan},
          doi = {10.1088/0004-637X/762/1/32},
          url = {http://iopscience.iop.org/0004-637X/762/1/32},
}

@article{Optimal_mass_configurations,
        title = {Optimal Mass Configurations for Lensing High-redshift Galaxies},
       author = {Wong, Kenneth C. and Ammons, Mark S. and Keeton, Charles R. and Zabludoff, Ann I.},
      journal = { The Astrophysical Journal},
       volume = {752},
        issue = {2},
         year = {2012},
        month = {Jun},
          doi = {10.1088/0004-637X/752/2/104},
          url = {http://iopscience.iop.org/0004-637X/752/2/104/fulltext/apj_752_2_104.text.html},
    publisher = {The American Astronomical Society}
}


@article{Constraining_source_redshift_distributions,
        title = {CONSTRAINING SOURCE REDSHIFT DISTRIBUTIONS WITH GRAVITATIONAL LENSING},
       author = {D. Wittman and W. A. Dawson},
      journal = {The Astrophysical Journal},
       volume = {756},
        issue = {13},
         year = {2012},
        month = {Aug},
          doi = {10.1088/0004-637X/756/2/140},
          url = {http://iopscience.iop.org/0004-637X/756/2/140/fulltext/apj_756_2_140.text.html},
    publisher = {The American Astronomical Society}
}

@misc{Critical_surface_density,
  author    = {Hans B\"ohringer},
  title     = {{Lecture 7:Strong Gravitational Lensing}},
  howpublished  = "\url{http://www.xray.mpe.mpg.de/theorie/cluster/SS10/07_SS10_Cosmology2_Hans.pdf }",
  year      = {2010},
}

@misc{Lens_mass_estimate,
  author    = {Massimo Meneghetti},
  title     = {{Strong Gravitational Lensing by Galaxy Clusters}},
  howpublished  = "\url{ http://www.oact.inaf.it/gl/lectures/meneghetti_acireale.pdf }",
  year      = {2013},
}

@misc{E_ELT_Construction_Proposal,
  author     = {ESO},
  title    = {{The E-ELT Construction Proposal}},
  howpublished  = "\url{http://www.eso.org/public/archives/books/pdf/e-elt_constrproposal.pdf}",
  year       = {2011},
}

@misc{E_ELT_Enclosure,
  author     = {ESO},
  title    = {{E-ELT Enclosure}},
  howpublished  = "\url{http://www.eso.org/sci/facilities/eelt/telescope/dome/}",
  year       = {2011},
}

@misc{E_ELT_Instrumentation,
  author     = {ESO},
  title    = {{E-ELT Instrumentation}},
  howpublished  = "\url{http://www.eso.org/sci/facilities/eelt/instrumentation/index.html}",
  year       = {2011},
}

@ARTICLE{2009ApJ...692..778R,
   author = {{Reddy}, N.~A. and {Steidel}, C.~C.},
    title = "{A Steep Faint-End Slope of the UV Luminosity Function at z \~{} 2-3: Implications for the Global Stellar Mass Density and Star Formation in Low-Mass Halos}",
  journal = {apj},
archivePrefix = "arXiv",
   eprint = {0810.2788},
 keywords = {galaxies: evolution, galaxies: formation, galaxies: high-redshift, galaxies: luminosity function, mass function},
     year = 2009,
    month = feb,
   volume = 692,
    pages = {778-803},
      doi = {10.1088/0004-637X/692/1/778},
   adsurl = {http://adsabs.harvard.edu/abs/2009ApJ...692..778R},
  adsnote = {Provided by the SAO/NASA Astrophysics Data System}
}

@ARTICLE{2010MNRAS.403..960M,
   author = {{McLure}, R.~J. and {Dunlop}, J.~S. and {Cirasuolo}, M. and
  {Koekemoer}, A.~M. and {Sabbi}, E. and {Stark}, D.~P. and {Targett}, T.~A. and
  {Ellis}, R.~S.},
    title = "{Galaxies at z = 6-9 from the WFC3/IR imaging of the Hubble Ultra Deep Field}",
  journal = {mnras},
archivePrefix = "arXiv",
   eprint = {0909.2437},
 primaryClass = "astro-ph.CO",
 keywords = {galaxies: evolution, galaxies: formation, galaxies: high-redshift, cosmology: observations},
     year = 2010,
    month = apr,
   volume = 403,
    pages = {960-983},
      doi = {10.1111/j.1365-2966.2009.16176.x},
   adsurl = {http://adsabs.harvard.edu/abs/2010MNRAS.403..960M},
  adsnote = {Provided by the SAO/NASA Astrophysics Data System}
}

@ARTICLE{2007ApJ...670..928B,
   author = {{Bouwens}, R.~J. and {Illingworth}, G.~D. and {Franx}, M. and
  {Ford}, H.},
    title = "{UV Luminosity Functions at z\~{}4, 5, and 6 from the Hubble Ultra Deep Field and Other Deep Hubble Space Telescope ACS Fields: Evolution and Star Formation History}",
  journal = {apj},
 keywords = {Galaxies: Evolution, Galaxies: High-Redshift},
     year = 2007,
    month = dec,
   volume = 670,
    pages = {928-958},
      doi = {10.1086/521811},
   adsurl = {http://adsabs.harvard.edu/abs/2007ApJ...670..928B},
  adsnote = {Provided by the SAO/NASA Astrophysics Data System}
}

@ARTICLE{2011ApJ...737...90B,
   author = {{Bouwens}, R.~J. and {Illingworth}, G.~D. and {Oesch}, P.~A. and
  {Labb{\'e}}, I. and {Trenti}, M. and {van Dokkum}, P. and {Franx}, M. and
  {Stiavelli}, M. and {Carollo}, C.~M. and {Magee}, D. and {Gonzalez}, V.
  },
    title = "{Ultraviolet Luminosity Functions from 132 z \~{} 7 and z \~{} 8 Lyman-break Galaxies in the Ultra-deep HUDF09 and Wide-area Early Release Science WFC3/IR Observations}",
  journal = {apj},
 keywords = {galaxies: evolution, galaxies: high-redshift},
     year = 2011,
    month = aug,
   volume = 737,
      eid = {90},
    pages = {90},
      doi = {10.1088/0004-637X/737/2/90},
   adsurl = {http://adsabs.harvard.edu/abs/2011ApJ...737...90B},
  adsnote = {Provided by the SAO/NASA Astrophysics Data System}
}

@book{modern_astrophysics_bradley,
  author = {Carroll, Bradley W. and Ostlie, Dale A.},
  title = {An Introduction to Modern Astrophysics},
  publisher = {Pearson Eduction, Inc},
  edition = {Second},
  year = {2007},
  }

@article{An_atmospheric_radiation_model_for_Cerro_Paranal,
  author = {{Noll, S.} and {Kausch, W.} and {Barden, M.} and {Jones, A. M.} and {Szyszka, C.} and {Kimeswenger, S.} and {Vinther, J.}},
  title = {An atmospheric radiation model for Cerro Paranal},
  DOI= "10.1051/0004-6361/201219040",
  url= "http://dx.doi.org/10.1051/0004-6361/201219040",
  journal = {A\&A},
  year = 2012,
  volume = 543,
  pages = "A92",
  month = "",
}

@article {MNRMNR11383,
  author = {Davies, R. I.},
  title = {A method to remove residual OH emission from near-infrared spectra},
  journal = {Monthly Notices of the Royal Astronomical Society},
  volume = {375},
  number = {3},
  publisher = {Blackwell Publishing Ltd},
  issn = {1365-2966},
  url = {http://dx.doi.org/10.1111/j.1365-2966.2006.11383.x},
  doi = {10.1111/j.1365-2966.2006.11383.x},
  pages = {1099--1105},
  keywords = {atmospheric effects, methods: data analysis, methods: observational, techniques: spectroscopic, infrared: general},
  year = {2007},
}

@misc{ISS028_E_050185,
  author    = {Amiko Kauderer},
  title     = {{International Space Station Imagery}},
  howpublished  = "\url{http://spaceflight.nasa.gov/gallery/images/station/crew-28/html/iss028e050185.html}",
  year      = {2012},
}

@article{MNRMNR21602,
  author = {Ellis, S. C. and Bland-Hawthorn, J. and Lawrence, J. and Horton, A. J. and Trinh, C. and Leon-Saval, S. G. and Shortridge, K. and Bryant, J. and Case, S. and Colless, M. and Couch, W. and Freeman, K. and Gers, L. and Glazebrook, K. and Haynes, R. and Lee, S. and Löhmannsröben, H.-G. and O'Byrne, J. and Miziarski, S. and Roth, M. and Schmidt, B. and Tinney, C. G. and Zheng, J.},
  title = {Suppression of the near-infrared OH night-sky lines with fibre Bragg gratings - first results},
  journal = {Monthly Notices of the Royal Astronomical Society},
  volume = {425},
  number = {3},
  issn = {1365-2966},
  url = {http://dx.doi.org/10.1111/j.1365-2966.2012.21602.x},
  doi = {10.1111/j.1365-2966.2012.21602.x},
  pages = {1682--1695},
  keywords = {atmospheric effects, instrumentation: miscellaneous, infrared: general},
  year = {2012},
}

@incollection{Observational_Studies_of_Interplanetary_Dust,
  year={2009},
  isbn={978-3-540-76934-7},
  booktitle={Small Bodies in Planetary Systems},
  volume={758},
  series={Lecture Notes in Physics},
  editor={Mann, Ingrid and Nakamura, Akiko and Mukai, Tadashi},
  doi={10.1007/978-3-540-76935-4_8},
  title={Observational Studies of Interplanetary Dust},
  url={http://dx.doi.org/10.1007/978-3-540-76935-4_8},
  publisher={Springer Berlin Heidelberg},
  author={Ishiguro, M. and Ueno, M.},
  pages={1-27},
  language={English}
}

@misc{Zodiacal_Light_over_La_Silla,
  author    = {ESO/Y. Beletsky},
  title     = {{Zodiacal Light over La Silla}},
  howpublished  = "\url{http://www.eso.org/public/images/zodiacal_beletsky_potw/}",
  year      = {2012},
}

@book{Extragalactic_Astronomy_and_Cosmology,
       author = {Peter Schneider},
        title = {Extragalactic Astronomy and Cosmology: An Introduction},
    publisher = {Springer},
         year = "2006",
         isbn = {3540331743},
}

@ARTICLE{2010Natur.468...49R,
   author = {{Robertson}, B.~E. and {Ellis}, R.~S. and {Dunlop}, J.~S. and
  {McLure}, R.~J. and {Stark}, D.~P.},
    title = "{Early star-forming galaxies and the reionization of the Universe}",
  journal = {nat},
archivePrefix = "arXiv",
   eprint = {1011.0727},
 primaryClass = "astro-ph.CO",
     year = 2010,
    month = nov,
   volume = 468,
    pages = {49-55},
      doi = {10.1038/nature09527},
   adsurl = {http://adsabs.harvard.edu/abs/2010Natur.468...49R},
  adsnote = {Provided by the SAO/NASA Astrophysics Data System}
}

@ARTICLE{2010MNRAS.401.2561W,
   author = {{Wyithe}, J.~S.~B. and {Hopkins}, A.~M. and {Kistler}, M.~D. and
  {Y{\"u}ksel}, H. and {Beacom}, J.~F.},
    title = "{Determining the escape fraction of ionizing photons during Reionization with the GRB-derived star formation rate}",
  journal = {mnras},
archivePrefix = "arXiv",
   eprint = {0908.0193},
 primaryClass = "astro-ph.CO",
 keywords = {galaxies: high-redshift, intergalactic medium, diffuse radiation, cosmology: theory, large scale structure of Universe},
     year = 2010,
    month = feb,
   volume = 401,
    pages = {2561-2571},
      doi = {10.1111/j.1365-2966.2009.15834.x},
   adsurl = {http://adsabs.harvard.edu/abs/2010MNRAS.401.2561W},
  adsnote = {Provided by the SAO/NASA Astrophysics Data System}
}

@ARTICLE{2012ApJ...759L..38A,
   author = {{Alvarez}, M.~A. and {Finlator}, K. and {Trenti}, M.},
    title = "{Constraints on the Ionizing Efficiency of the First Galaxies}",
  journal = {apjl},
archivePrefix = "arXiv",
   eprint = {1209.1387},
 primaryClass = "astro-ph.CO",
 keywords = {cosmology: theory, dark ages, reionization, first stars, intergalactic medium},
     year = 2012,
    month = nov,
   volume = 759,
      eid = {L38},
    pages = {L38},
      doi = {10.1088/2041-8205/759/2/L38},
   adsurl = {http://adsabs.harvard.edu/abs/2012ApJ...759L..38A},
  adsnote = {Provided by the SAO/NASA Astrophysics Data System}
}

@article {OtaarXiv0707.1561,
  author={Kazuaki Ota and Masanori Iye and Nobunari Kashikawa and Kazuhiro Shimasaku and Masakazu A. R. Kobayashi and Tomonori Totani and Masahiro Nagashima and Tomoki Morokuma and Hisanori Furusawa and Takashi Hattori and Yuichi Matsuda and Tetsuya Hashimoto and Masami Ouchi},
  title={The Reionization and Galaxy Evolution Probed by z=7 Lyman Alpha Emitters},
  year="2007",
  eprint={arXiv/0707.1561},
  doi={10.1393/ncb/i2008-10435-8}
}

@ARTICLE{2006AA...459..745F,
   author = {{Fontana}, A. and {Salimbeni}, S. and {Grazian}, A. and {Giallongo}, E. and
  {Pentericci}, L. and {Nonino}, M. and {Fontanot}, F. and {Menci}, N. and
  {Monaco}, P. and {Cristiani}, S. and {Vanzella}, E. and {de Santis}, C. and
  {Gallozzi}, S.},
    title = "{The Galaxy mass function up to z =4 in the GOODS-MUSIC sample: into the epoch of formation of massive galaxies}",
  journal = {aap},
   eprint = {arXiv:astro-ph/0609068},
 keywords = {galaxies: distances and redshift, galaxies: evolution, galaxies: high-redshift, galaxies: fundamental parameters, galaxies: luminosity fuction, mass function},
     year = 2006,
    month = dec,
   volume = 459,
    pages = {745-757},
      doi = {10.1051/0004-6361:20065475},
   adsurl = {http://adsabs.harvard.edu/abs/2006A%26A...459..745F},
  adsnote = {Provided by the SAO/NASA Astrophysics Data System}
}

@article{Driver01102010,
  author = {Driver, Simon P. and Robotham, Aaron S. G.},
  title = {Quantifying cosmic variance},
  volume = {407},
  number = {4},
  pages = {2131-2140},
  year = {2010},
}

@article{Trenti2008,
        title = {Cosmic Variance and Its Effect on the Luminosity Function Determination in Deep High-z Surveys},
       author = {Trenti, M and Stiavelli, M},
      journal = {Astrophys. J.},
       volume = {676},
        issue = {2},
        pages = {767-780},
     numpages = {14},
         year = {2008},
        month = {Apr},
          doi = {http://dx.doi.org.ezproxyd.bham.ac.uk/10.1086/528674},
          url = {http://search.proquest.com.ezproxyd.bham.ac.uk/docview/743152594?accountid=8630},
    publisher = {University of Chicago Press}
}

@ARTICLE{2003AA...401...73W,
   author = {{Wolf}, C. and {Meisenheimer}, K. and {Rix}, H.-W. and {Borch}, A. and
  {Dye}, S. and {Kleinheinrich}, M.},
    title = "{The COMBO-17 survey: Evolution of the galaxy luminosity function from \num{25000} galaxies with $0.2\lt z \lt1.2$}",
  journal = {aap},
   eprint = {arXiv:astro-ph/0208345},
 keywords = {techniques: photometric, surveys, galaxies: evolution, galaxies: distances and redshifts},
     year = 2003,
    month = apr,
   volume = 401,
    pages = {73-98},
      doi = {10.1051/0004-6361:20021513},
   adsurl = {http://adsabs.harvard.edu/abs/2003A%26A...401...73W},
  adsnote = {Provided by the SAO/NASA Astrophysics Data System}
}

@ARTICLE{2003ApJS..149..289B,
   author = {{Bell}, E.~F. and {McIntosh}, D.~H. and {Katz}, N. and {Weinberg}, M.~D.
  },
    title = "{The Optical and Near-Infrared Properties of Galaxies. I. Luminosity and Stellar Mass Functions}",
  journal = {apjs},
   eprint = {arXiv:astro-ph/0302543},
 keywords = {Galaxies: Evolution, Galaxies: General, Galaxies: Luminosity Function, Mass Function, Galaxies: Stellar Content},
     year = 2003,
    month = dec,
   volume = 149,
    pages = {289-312},
      doi = {10.1086/378847},
   adsurl = {http://adsabs.harvard.edu/abs/2003ApJS..149..289B},
  adsnote = {Provided by the SAO/NASA Astrophysics Data System}
}

@ARTICLE{2012ApJ...747..100S,
   author = {{Shull}, J.~M. and {Harness}, A. and {Trenti}, M. and {Smith}, B.~D.
	},
    title = "{Critical Star Formation Rates for Reionization: Full Reionization Occurs at Redshift $z\approx7$}",
  journal = {apj},
 keywords = {dark ages, reionization, first stars, galaxies: high-redshift, intergalactic medium},
     year = 2012,
    month = mar,
   volume = 747,
      eid = {100},
    pages = {100},
      doi = {10.1088/0004-637X/747/2/100},
   adsurl = {http://adsabs.harvard.edu/abs/2012ApJ...747..100S},
  adsnote = {Provided by the SAO/NASA Astrophysics Data System}
}

@article{robertson2010early,
  title={Early star-forming galaxies and the reionization of the Universe},
  author={Robertson, Brant E and Ellis, Richard S and Dunlop, James S and McLure, Ross J and Stark, Daniel P},
  journal={Nature},
  volume={468},
  number={7320},
  pages={49--55},
  year={2010},
  publisher={Nature Publishing Group}
}

@article {MNL2:MNL2993,
author = {Raičević, Milan and Theuns, Tom},
title = {Modelling recombinations during cosmological reionization},
journal = {Monthly Notices of the Royal Astronomical Society: Letters},
volume = {412},
number = {1},
publisher = {Blackwell Publishing Ltd},
issn = {1745-3933},
url = {http://dx.doi.org/10.1111/j.1745-3933.2010.00993.x},
doi = {10.1111/j.1745-3933.2010.00993.x},
pages = {L16--L19},
keywords = {radiative transfer, methods: numerical, cosmology: dark ages, reionization, first stars},
year = {2011},
}

@article{inoue2006escape,
  title={The escape fraction of ionizing photons from galaxies at z= 0--6},
  author={Inoue, Akio K and Iwata, Ikuru and Deharveng, Jean-Michel},
  journal={Monthly Notices of the Royal Astronomical Society: Letters},
  volume={371},
  number={1},
  pages={L1--L5},
  year={2006},
  publisher={Wiley Online Library}
}

@article{Pawlik21042009,
author = {Pawlik, Andreas H. and Schaye, Joop and Van Scherpenzeel, Eveline},
title = {Keeping the Universe ionized: photoheating and the clumping factor of the high-redshift intergalactic medium},
volume = {394},
number = {4},
pages = {1812-1824},
year = {2009},
doi = {10.1111/j.1365-2966.2009.14486.x},
abstract ={The critical star formation rate (SFR) density required to keep the intergalactic hydrogen ionized depends crucially on the average rate of recombinations in the intergalactic medium (IGM). This rate is proportional to the clumping factor C≡〈ρ2b〉IGM/〈ρb〉2, where ρb and 〈ρb〉 are the local and cosmic mean baryon density, respectively, and the brackets 〈〉IGM indicate spatial averaging over the recombining gas in the IGM. We perform a suite of cosmological smoothed particle hydrodynamic simulations that include radiative cooling to calculate the volume-weighted clumping factor of the IGM at redshifts z≥ 6. We focus on the effect of photoionization heating by a uniform ultraviolet background and find that photoheating strongly reduces the clumping factor because the increased pressure support smoothes out small-scale density fluctuations. Photoionization heating is often said to provide a negative feedback on the reionization of the IGM because it suppresses the cosmic SFR by boiling the gas out of low-mass haloes. However, because of the reduction of the clumping factor it also makes it easier to keep the IGM ionized. Photoheating therefore also provides a positive feedback which, while known to exist, has received much less attention. We demonstrate that this positive feedback is in fact very strong. Using conservative assumptions, we find that if the IGM was reheated at z≳ 9, the observed population of star-forming galaxies at z≈ 6 may be sufficient to keep the IGM ionized, provided that the fraction of ionizing photons that escape the star-forming regions to ionize the IGM is larger than ∼0.2.},
URL = {http://mnras.oxfordjournals.org/content/394/4/1812.abstract},
eprint = {http://mnras.oxfordjournals.org/content/394/4/1812.full.pdf+html},
journal = {Monthly Notices of the Royal Astronomical Society}
}

@article{gnedin2008escape,
  title={Escape of Ionizing Radiation from High-Redshift Galaxies},
  author={Gnedin, Nickolay Y and Kravtsov, Andrey V and Chen, Hsiao-Wen},
  journal={The Astrophysical Journal},
  volume={672},
  number={2},
  pages={765},
  year={2008},
  publisher={IOP Publishing}
}

@article{shull2012critical,
  title={Critical Star Formation Rates for Reionization: Full Reionization Occurs at Redshift z 7},
  author={Shull, J Michael and Harness, Anthony and Trenti, Michele and Smith, Britton D},
  journal={The Astrophysical Journal},
  volume={747},
  number={2},
  pages={100},
  year={2012},
  publisher={IOP Publishing}
}

@ARTICLE{Bouwens_FWHM,
   author = {{Bouwens}, R.~J. and {Illingworth}, G.~D. and {Blakeslee}, J.~P. and
	{Broadhurst}, T.~J. and {Franx}, M.},
    title = "{Galaxy Size Evolution at High Redshift and Surface Brightness Selection Effects: Constraints from the Hubble Ultra Deep Field}",
  journal = {apjl},
   eprint = {arXiv:astro-ph/0406562},
 keywords = {Galaxies: Evolution, Galaxies: High-Redshift},
     year = 2004,
    month = aug,
   volume = 611,
    pages = {L1-L4},
      doi = {10.1086/423786},
   adsurl = {http://adsabs.harvard.edu/abs/2004ApJ...611L...1B},
  adsnote = {Provided by the SAO/NASA Astrophysics Data System}
}

@ARTICLE{2011ApJS..192...18K,
   author = {{Komatsu}, E. and {Smith}, K.~M. and {Dunkley}, J. and {Bennett}, C.~L. and
  {Gold}, B. and {Hinshaw}, G. and {Jarosik}, N. and {Larson}, D. and
  {Nolta}, M.~R. and {Page}, L. and {Spergel}, D.~N. and {Halpern}, M. and
  {Hill}, R.~S. and {Kogut}, A. and {Limon}, M. and {Meyer}, S.~S. and
  {Odegard}, N. and {Tucker}, G.~S. and {Weiland}, J.~L. and {Wollack}, E. and
  {Wright}, E.~L.},
    title = "{Seven-year Wilkinson Microwave Anisotropy Probe (WMAP) Observations: Cosmological Interpretation}",
  journal = {apjs},
archivePrefix = "arXiv",
   eprint = {1001.4538},
 primaryClass = "astro-ph.CO",
 keywords = {cosmic background radiation, cosmology: observations, dark matter, early universe, space vehicles},
     year = 2011,
    month = feb,
   volume = 192,
      eid = {18},
    pages = {18},
      doi = {10.1088/0067-0049/192/2/18},
   adsurl = {http://adsabs.harvard.edu/abs/2011ApJS..192...18K},
  adsnote = {Provided by the SAO/NASA Astrophysics Data System}
}

@ARTICLE{Jiang_FWHM,
   author = {{Jiang}, L. and {Egami}, E. and {Fan}, X. and {Windhorst}, R.~A. and
	{Cohen}, S.~H. and {Dave}, R. and {Finlator}, K. and {Kashikawa}, N. and
	{Mechtley}, M. and {Ouchi}, M. and {Shimasaku}, K.},
    title = "{Physical Properties of Spectroscopically-Confirmed Galaxies at $z > 6$. II. Morphology of the Rest-Frame UV Continuum and Lyman-alpha Emission}",
  journal = {ArXiv e-prints},
archivePrefix = "arXiv",
   eprint = {1303.0027},
 primaryClass = "astro-ph.CO",
 keywords = {Astrophysics - Cosmology and Extragalactic Astrophysics},
     year = 2013,
    month = feb,
   adsurl = {http://adsabs.harvard.edu/abs/2013arXiv1303.0027J},
  adsnote = {Provided by the SAO/NASA Astrophysics Data System}
}
@ARTICLE{Oesch_FWHM,
   author = {{Oesch}, P.~A. and {Bouwens}, R.~J. and {Illingworth}, G.~D. and
	{Labbe}, I. and {Franx}, M. and {van Dokkum}, P.~G. and {Trenti}, M. and
	{Stiavelli}, M. and {Gonzalez}, V. and {Magee}, D.},
    title = "{Probing the Dawn of Galaxies at z\~{}9-12: New Constraints from HUDF12/XDF and CANDELS Data}",
  journal = {ArXiv e-prints},
archivePrefix = "arXiv",
   eprint = {1301.6162},
 primaryClass = "astro-ph.CO",
 keywords = {Astrophysics - Cosmology and Extragalactic Astrophysics},
     year = 2013,
    month = jan,
   adsurl = {http://adsabs.harvard.edu/abs/2013arXiv1301.6162O},
  adsnote = {Provided by the SAO/NASA Astrophysics Data System}
}


@ARTICLE{2006AA...459..745F,
   author = {{Fontana}, A. and {Salimbeni}, S. and {Grazian}, A. and {Giallongo}, E. and
  {Pentericci}, L. and {Nonino}, M. and {Fontanot}, F. and {Menci}, N. and
  {Monaco}, P. and {Cristiani}, S. and {Vanzella}, E. and {de Santis}, C. and
  {Gallozzi}, S.},
    title = "{The Galaxy mass function up to z =4 in the GOODS-MUSIC sample: into the epoch of formation of massive galaxies}",
  journal = {aap},
   eprint = {arXiv:astro-ph/0609068},
 keywords = {galaxies: distances and redshift, galaxies: evolution, galaxies: high-redshift, galaxies: fundamental parameters, galaxies: luminosity fuction, mass function},
     year = 2006,
    month = dec,
   volume = 459,
    pages = {745-757},
      doi = {10.1051/0004-6361:20065475},
   adsurl = {http://adsabs.harvard.edu/abs/2006A%26A...459..745F},
  adsnote = {Provided by the SAO/NASA Astrophysics Data System}
}

@ARTICLE{2003A&A...401...73W,
   author = {{Wolf}, C. and {Meisenheimer}, K. and {Rix}, H.-W. and {Borch}, A. and
  {Dye}, S. and {Kleinheinrich}, M.},
    title = "{The COMBO-17 survey: Evolution of the galaxy luminosity function from \num{25000} galaxies with $0.2\le z\le 1.2$}",
  journal = {aap},
   eprint = {arXiv:astro-ph/0208345},
 keywords = {techniques: photometric, surveys, galaxies: evolution, galaxies: distances and redshifts},
     year = 2003,
    month = apr,
   volume = 401,
    pages = {73-98},
      doi = {10.1051/0004-6361:20021513},
   adsurl = {http://adsabs.harvard.edu/abs/2003A%26A...401...73W},
  adsnote = {Provided by the SAO/NASA Astrophysics Data System}
}

@article {Ota:arXiv0707.1561,
  author="Kazuaki Ota and Masanori Iye and Nobunari Kashikawa and Kazuhiro Shimasaku and Masakazu A. R. Kobayashi and Tomonori Totani and Masahiro Nagashima and Tomoki Morokuma and Hisanori Furusawa and Takashi Hattori and Yuichi Matsuda and Tetsuya Hashimoto and Masami Ouchi",
  title="The Reionization and Galaxy Evolution Probed by z=7 Lyman Alpha Emitters",
  year="2007",
  eprint="arXiv/0707.1561",
  doi="10.1393/ncb/i2008-10435-8"
}

@ARTICLE{2012MNRAS.423..862K,
   author = {{Kuhlen}, M. and {Faucher-Gigu{\`e}re}, C.-A.},
    title = "{Concordance models of reionization: implications for faint galaxies and escape fraction evolution}",
  journal = {mnras},
archivePrefix = "arXiv",
   eprint = {1201.0757},
 primaryClass = "astro-ph.CO",
 keywords = {galaxies: dwarf, galaxies: formation, galaxies: high-redshift, intergalactic medium, cosmology: theory, dark ages, reionization, first stars},
     year = 2012,
    month = jun,
   volume = 423,
    pages = {862-876},
      doi = {10.1111/j.1365-2966.2012.20924.x},
   adsurl = {http://adsabs.harvard.edu/abs/2012MNRAS.423..862K},
  adsnote = {Provided by the SAO/NASA Astrophysics Data System}
}

@ARTICLE{2000ApJ...545...86W,
   author = {{Wood}, K. and {Loeb}, A.},
    title = "{Escape of Ionizing Radiation from High-Redshift Galaxies}",
  journal = {apj},
   eprint = {arXiv:astro-ph/9911316},
 keywords = {Galaxies: Formation, ISM: H II Regions, Galaxies: Quasars: General},
     year = 2000,
    month = dec,
   volume = 545,
    pages = {86-99},
      doi = {10.1086/317775},
   adsurl = {http://adsabs.harvard.edu/abs/2000ApJ...545...86W},
  adsnote = {Provided by the SAO/NASA Astrophysics Data System}
}

@ARTICLE{2012arXiv1209.2123F,
   author = {{Ferrara}, A. and {Loeb}, A.},
    title = "{Escape Fraction of Ionizing Radiation from Starburst Galaxies at High Redshifts}",
  journal = {ArXiv e-prints},
archivePrefix = "arXiv",
   eprint = {1209.2123},
 primaryClass = "astro-ph.CO",
 keywords = {Astrophysics - Cosmology and Extragalactic Astrophysics},
     year = 2012,
    month = sep,
   adsurl = {http://adsabs.harvard.edu/abs/2012arXiv1209.2123F},
  adsnote = {Provided by the SAO/NASA Astrophysics Data System}
}

@ARTICLE{Ono_FWHM,
   author = {{Ono}, Y. and {Ouchi}, M. and {Curtis-Lake}, E. and {Schenker}, M.~A. and
	{Ellis}, R.~S. and {McLure}, R.~J. and {Dunlop}, J.~S. and {Robertson}, B.~E. and
	{Koekemoer}, A.~M. and {Bowler}, R.~A.~A. and {Rogers}, A.~B. and
	{Schneider}, E. and {Charlot}, S. and {Stark}, D.~P. and {Shimasaku}, K. and
	{Furlanetto}, S.~R. and {Cirasuolo}, M.},
    title = "{Evolution of the Sizes of Galaxies over $7< z< 12$ Revealed by the 2012 Hubble Ultra Deep Field Campaign}",
  journal = {ArXiv e-prints},
archivePrefix = "arXiv",
   eprint = {1212.3869},
 primaryClass = "astro-ph.CO",
 keywords = {Astrophysics - Cosmology and Extragalactic Astrophysics},
     year = 2012,
    month = dec,
   adsurl = {http://adsabs.harvard.edu/abs/2012arXiv1212.3869O},
  adsnote = {Provided by the SAO/NASA Astrophysics Data System}
}

@ARTICLE{2013MNRAS.428L...1M,
   author = {{Mitra}, S. and {Ferrara}, A. and {Choudhury}, T.~R.},
    title = "{The escape fraction of ionizing photons from high-redshift galaxies from data-constrained reionization models}",
  journal = {mnras},
archivePrefix = "arXiv",
   eprint = {1207.3803},
 primaryClass = "astro-ph.CO",
 keywords = {intergalactic medium, cosmology: theory, dark ages, reionization, first stars, large-scale structure of Universe},
     year = 2013,
    month = jan,
   volume = 428,
    pages = {L1-L5},
      doi = {10.1093/mnrasl/sls001},
   adsurl = {http://adsabs.harvard.edu/abs/2013MNRAS.428L...1M},
  adsnote = {Provided by the SAO/NASA Astrophysics Data System}
}

@ARTICLE{2006ApJ...651L..89R,
   author = {{Razoumov}, A.~O. and {Sommer-Larsen}, J.},
    title = "{Escape of Ionizing Radiation from Star-forming Regions in Young Galaxies}",
  journal = {apjl},
   eprint = {arXiv:astro-ph/0609545},
 keywords = {Galaxies: Formation, Galaxies: Intergalactic Medium, ISM: H II Regions, Radiative Transfer},
     year = 2006,
    month = nov,
   volume = 651,
    pages = {L89-L92},
      doi = {10.1086/509636},
   adsurl = {http://adsabs.harvard.edu/abs/2006ApJ...651L..89R},
  adsnote = {Provided by the SAO/NASA Astrophysics Data System}
}

@ARTICLE{2006MNRAS.371L...1I,
   author = {{Inoue}, A.~K. and {Iwata}, I. and {Deharveng}, J.-M.},
    title = "{The escape fraction of ionizing photons from galaxies at z = 0-6}",
  journal = {mnras},
   eprint = {arXiv:astro-ph/0605526},
 keywords = {galaxies: evolution: intergalactic medium: cosmology: observations: diffuse radiation, galaxies: evolution, intergalactic medium, cosmology: observations, diffuse radiation},
     year = 2006,
    month = sep,
   volume = 371,
    pages = {L1-L5},
      doi = {10.1111/j.1745-3933.2006.00195.x},
   adsurl = {http://adsabs.harvard.edu/abs/2006MNRAS.371L...1I},
  adsnote = {Provided by the SAO/NASA Astrophysics Data System}
}

@ARTICLE{2011MNRAS.412L..16R,
   author = {{Rai{\v c}evi{\'c}}, M. and {Theuns}, T.},
    title = "{Modelling recombinations during cosmological reionization}",
  journal = {mnras},
 keywords = {radiative transfer, methods: numerical, cosmology: dark ages, reionization, first stars},
     year = 2011,
    month = mar,
   volume = 412,
    pages = {L16-L19},
      doi = {10.1111/j.1745-3933.2010.00993.x},
   adsurl = {http://adsabs.harvard.edu/abs/2011MNRAS.412L..16R},
  adsnote = {Provided by the SAO/NASA Astrophysics Data System}
}

@ARTICLE{2006MNRAS.373.1265O,
   author = {{Oppenheimer}, B.~D. and {Dav{\'e}}, R.},
    title = "{Cosmological simulations of intergalactic medium enrichment from galactic outflows}",
  journal = {mnras},
   eprint = {arXiv:astro-ph/0605651},
 keywords = {methods: numerical, galaxies: formation, galaxies: high-redshift, intergalactic medium, cosmology: theory},
     year = 2006,
    month = dec,
   volume = 373,
    pages = {1265-1292},
      doi = {10.1111/j.1365-2966.2006.10989.x},
   adsurl = {http://adsabs.harvard.edu/abs/2006MNRAS.373.1265O},
  adsnote = {Provided by the SAO/NASA Astrophysics Data System}
}

@article{Sahni_FWHM,
	title = {The Case for a Positive Cosmological Lamda-Term	 },
	author = {Sahni, Varun and Starobinsky, Alexei },
	journal = {International Journal of Modern Physics D.},
	volume = {9},
	issue = {04},
	pages = {373-443},
	numpages = {71},
	year = {2000},
	url = { http://ned.ipac.caltech.edu/level5/March02/Sahni/	Sahni4_5.html },
}

@misc{Understanding_CCD_Read_Noise,
  author     = {QSI},
  title    = {{Understanding CCD Read Noise}},
  howpublished  = "\url{http://www.qsimaging.com/ccd_noise.html}",
  year       = {2008},
}

@misc{Ned_Calc,
	author = {Ned Wright	 },
	title = {{Ned Wright's Cosmology Calculator }},
	howpublished = "\url{http://www.astro.ucla.edu/~wright/CosmoCalc.html }",
	year       = {2008},
}

@misc{Signal_to_Noise_Ratio,
  author     = {Electron Microbeam Analysis Laboratory},
  title    = {{Signal to Noise Ratio}},
  howpublished  = "\url{http://www.emal.engin.umich.edu/courses/sem_lecturecw/SEM_SignalNoise.html}",
  year       = {2007},
}

@misc{Overhead_Times,
  author     = {Space Telescope Science Institute},
  title    = {{Overhead Times}},
  howpublished  = "\url{http://documents.stsci.edu/hst/wfpc2/documents/handbooks/cycle17/ch2_instrument8.html#440922}",
  year       = {2008},
}

@misc{Space_Telescope_Science_cosmic_rays,
  author     = {Space Telescope Science Institute},
  title    = {{Cosmic Rays}},
  howpublished  = "\url{http://documents.stsci.edu/hst/wfpc2/documents/handbooks/cycle17/ch7_strategy5.html#442816}",
  year       = {2008},
}

@ARTICLE{2012ApJ...746..125H,
   author = {{Haardt}, F. and {Madau}, P.},
    title = "{Radiative Transfer in a Clumpy Universe. IV. New Synthesis Models of the Cosmic UV/X-Ray Background}",
  journal = {apj},
archivePrefix = "arXiv",
   eprint = {1105.2039},
 primaryClass = "astro-ph.CO",
 keywords = {cosmology: theory, diffuse radiation, intergalactic medium, galaxies: evolution, quasars: general},
     year = 2012,
    month = feb,
   volume = 746,
      eid = {125},
    pages = {125},
      doi = {10.1088/0004-637X/746/2/125},
   adsurl = {http://adsabs.harvard.edu/abs/2012ApJ...746..125H},
  adsnote = {Provided by the SAO/NASA Astrophysics Data System}
}

@article{wu_and_chiueh,
  title = {Strong Lensing on High-Redshift Galaxies},
  author = {J. M. Wu and T. Chiueh },
  journal = { The Astrophysical Journal},
  volume = {639},
  issue = {2},
  pages = {695-699},
  numpages = {5},
  year = {2006},
  month = {Mar},
  doi = { 10.1086/499555},
  url = {http://iopscience.iop.org/0004-637X/639/2/695/pdf/0004-637X_639_2_695.pdf },
  publisher = {The American Astronomical Society}
}

@article{magnification,
  title = {Searching for the sources responsible for cosmic reionization: Probing the redshift range 7 < z < 10 and beyond},
  author = {Daniel P. Stark, Richard S. Ellis},
  journal = { New Astronomy Reviews}, issue = {50},
  pages = {46-52},
  numpages = {7},
  year = {2005},
  month = {Dec},
  url = {http://www.sciencedirect.com/science/article/pii/S1387647305001491 },
  publisher = {Science Direct}
}

@ARTICLE{2012ApJ...746..125H,
   author = {{Haardt}, F. and {Madau}, P.},
    title = "{Radiative Transfer in a Clumpy Universe. IV. New Synthesis Models of the Cosmic UV/X-Ray Background}",
  journal = {apj},
archivePrefix = "arXiv",
   eprint = {1105.2039},
 primaryClass = "astro-ph.CO",
 keywords = {cosmology: theory, diffuse radiation, intergalactic medium, galaxies: evolution, quasars: general},
     year = 2012,
    month = feb,
   volume = 746,
      eid = {125},
    pages = {125},
      doi = {10.1088/0004-637X/746/2/125},
   adsurl = {http://adsabs.harvard.edu/abs/2012ApJ...746..125H},
  adsnote = {Provided by the SAO/NASA Astrophysics Data System}
}

@ARTICLE{2011MNRAS.412L..16R,
   author = {{Rai{\v c}evi{\'c}}, M. and {Theuns}, T.},
    title = "{Modelling recombinations during cosmological reionization}",
  journal = {mnras},
 keywords = {radiative transfer, methods: numerical, cosmology: dark ages, reionization, first stars},
     year = 2011,
    month = mar,
   volume = 412,
    pages = {L16-L19},
      doi = {10.1111/j.1745-3933.2010.00993.x},
   adsurl = {http://adsabs.harvard.edu/abs/2011MNRAS.412L..16R},
  adsnote = {Provided by the SAO/NASA Astrophysics Data System}
}

@ARTICLE{1993PhyA..192..249L,
   author = {{Leonhardt}, U. and {Ebeling}, W.},
    title = "{Ionization and recombination coefficients of excited states in nonideal hydrogen plasmas}",
  journal = {Physica A Statistical Mechanics and its Applications},
     year = 1993,
    month = jan,
   volume = 192,
    pages = {249-261},
      doi = {10.1016/0378-4371(93)90154-V},
   adsurl = {http://adsabs.harvard.edu/abs/1993PhyA..192..249L},
  adsnote = {Provided by the SAO/NASA Astrophysics Data System}
}

@misc{primary_mirror_construction,
  author     = {Space Telescope Science Institute},
  title    = {{Primary Mirror Construction}},
  howpublished  = "\url{http://www.jwst.nasa.gov/mirrors.html}",
  year       = {2009},
}

@misc{stsci_edu,
  title    = {{The James Webb Space Telescope}},
  howpublished  = "\url{http://www.stsci.edu/jwst/instruments/fgs}",
  year       = {2012},
}

@article{gardner2006james,
  title={The james webb space telescope},
  author={Gardner, Jonathan P and Mather, John C and Clampin, Mark and Doyon, Rene and Greenhouse, Matthew A and Hammel, Heidi B and Hutchings, John B and Jakobsen, Peter and Lilly, Simon J and Long, Knox S and others},
  journal={Space Science Reviews},
  volume={123},
  number={4},
  pages={485--606},
  year={2006},
  publisher={Springer}
}

@misc{mtwilson,
  author     = {Mount Wilson Observatory},
  title    = {{Mount Wilson Observatory}},
  howpublished  = "\url{http://www.mtwilson.edu/ao/}",
  year       = {2011},
}

@article{strong_lensing_analysis_MACS,
  title = { Strong-lensing analysis of a complete sample of 12 MACS clusters at z > 0.5: mass models and Einstein radii },
  author = { Adi Zitrin, Tom Broadhurst, Rennan Barkana, Yoel Rephaeli
  and Narciso Benítez },
  journal = { Monthly Notices of the Royal Astronomical Society},
  volume = {410},
  issue = {3},
  pages = {1939-1956},
  numpages = {18},
  year = {2011},
  month = {Jan},
  doi = { 10.1111/j.1365-2966.2010.17574.x },
  url = { http://onlinelibrary.wiley.com/doi/10.1111/j.1365-2966.2010.17574.x/abstract},
  publisher = {Royal Astronomical Society }
}

@misc{HST_strong_magnification,
  author = {Space Telescope Science Institute},
  title = {{HST Frontier Fields High-Magnification Cluster Candidate List
  }}, howpublished = "\url{ http://www.stsci.edu/hst/campaigns/frontier-fields/frontier-fields-high-magnification-cluster-candidate-list/}",
  year = {2013},
}

@article{lower_limit_H,
  author={Wyithe, J Stuart B and Loeb, Abraham and Carilli, Chris},
  title={Improved constraints on the neutral intergalactic hydrogen surrounding quasars at redshifts $z>6$},
  journal={The Astrophysical Journal},
  volume={628},
  number={2},
  pages={575},
  year={2008},
  publisher={IOP Publishing}
}

@article{wyithestuart2011,
        title = {A distortion of very-high-redshift galaxy number counts by },
       author = {Wyithe, J. and Stuart, B. and Windhorst, Rogier A. and Mao, Shude},
      journal = {Nature},
       volume = {469},
        issue = {7329},
        pages = {181-184},
     numpages = {4},
         year = {2011},
        month = {Jan},
          doi = {10.1038/nature09619},
          url = {http://www.nature.com/nature/journal/v469/n7329/abs/nature09619.html#supplementary-information},
    publisher = {Nature Publishing Group}
}

@misc{distortionsinthegravitationallens,
  author 		= {The University of Melbourne},
  title 		= {{Measurements From WMAP}},
  howpublished  = "\url{http://www.astrobio.net/pressrelease/3776/distortions-in-the-gravitational-lens}",
  year 			= {2011},
}

@misc{Cosmicmagnifyinglenses,
  author 		= {Arizona State University},
  title 		= {Cosmic magnifying lenses distort view of distant galaxies},
  howpublished  = "\url{http://phys.org/news/2011-01-cosmic-magnifying-lenses-distort-view.html}",
  year 			= {2012},
}

@book{EisbergResnick,
       author = {Eisberg, R. and Resnick R.},
        title = {Quantum Physics of Atoms, Molecules, Solids, Nuclei, and Particles},
      pages = {286},
    publisher = {John Wiley and sons Inc.},
         year = "1985",
}

@book{how_did_Loeb,
       author = {Abraham Loeb},
        title = {How Did the First Stars and Galaxies Form?},
    publisher = {Princeton University Press},
         year = "2010",
}

@article{MadauIGM,
        title = {THE INTERGALACTIC MEDIUM},
       author = {Piero Madau},
      journal = {Encyclopedia of Astronomy and Astrophysics},
       volume = {106},
        issue = {13},
        pages = {2-10},
     numpages = {11},
         year = {2000},
        month = {May},
          doi = {10.1888/0333750888/1821},
          url = {http://eaa.crcpress.com/default.asp?action=summary&articleId=1821},
    publisher = {Institute of Physics Publishing}
}

@article{GunnPeterson,
        title = {On the Density of Neutral Hydrogen in Intergalactic Space},
       author = {Gunn, James E.; Peterson, Bruce A.},
      journal = {Astrophysical Journal},
       volume = {142},
        pages = {1633-1641},
         year = {1965},
        month = {Nov},
          doi = {10.1086/148444},
          url = {http://articles.adsabs.harvard.edu/full/1965ApJ...142.1633G},
    publisher = {Institute of Physics Publishing}
}

@article{reddy2009steep,
  title={A Steep Faint-End Slope of the UV Luminosity Function at z\~{} 2-3: Implications for the Global Stellar Mass Density and Star Formation in Low-Mass Halos},
  author={Reddy, Naveen A and Steidel, Charles C},
  journal={The Astrophysical Journal},
  volume={692},
  number={1},
  pages={778},
  year={2009},
  publisher={IOP Publishing}
}

@article{mclure2010galaxies,
  title={Galaxies at z= 6--9 from the WFC3/IR imaging of the Hubble Ultra Deep Field},
  author={McLure, RJ and Dunlop, JS and Cirasuolo, M and Koekemoer, AM and Sabbi, E and Stark, DP and Targett, TA and Ellis, Richard S},
  journal={Monthly Notices of the Royal Astronomical Society},
  volume={403},
  number={2},
  pages={960--983},
  year={2010},
  publisher={Wiley Online Library}
}

@article{rauch2001lyman,
  title={Lyman Alpha Forest},
  author={Rauch, Michael and Murdin, P},
  journal={Encyclopedia of Astronomy and Astrophysics.(Nature Publishing Group)},
  year={2001}
}

@article{Barkana2001125,
  title = "In the beginning: the first sources of light and the reionization of the universe",
  journal = "Physics Reports",
  volume = "349",
  number = "2",
  pages = "125 - 238",
  year = "2001",
  note = "",
  issn = "0370-1573",
  doi = "10.1016/S0370-1573(01)00019-9",
  url = "http://www.sciencedirect.com/science/article/pii/S0370157301000199",
  author = "Rennan Barkana and Abraham Loeb"
}

@misc{JWSTPrimer,
  author    = {Arizona State University},
  title     = {JWSTPrimer Version 2.0},
  howpublished  = "\url{http://www.stsci.edu/jwst/doc-archive/handbooks/JWST_Primer_v20.pdf}",
  year      = {2009},
}

@misc{INTEGRAL_FIELD_UNIT,
  author    = {ICSO},
  title     = {The Integral Field Unit For The James Webb Space Telescope's Near-infrared Spectrograph},
  year      = {2010},
}

@article{Pawlik:2009ij,
  author         = "Pawlik, Andreas H. and Schaye, Joop and van Scherpenzeel,Eveline",
  title          = "{Keeping the Universe ionised: photoheating and the high-redshift clumping factor of the intergalactic gas}",
  year           = "2009",
  eprint         = "0912.3034",
  archivePrefix  = "arXiv",
  primaryClass   = "astro-ph.CO",
  SLACcitation   = "%%CITATION = ARXIV:0912.3034;%%",
}

@article{LymanAlphaForest,
  Title = {Lyman Alpha Forest},
  Author = {Rauch Michael},
  Journal = {Encyclopedia of Astronomy and Astrophysics},
  Volume = {},
  Issue = {},
  Pages = {1-2},
  Numpages = {2},
  Year = {2006},
  Month = {},
  DOI = {10.1888/0333750888/2140},
  url = { http://www.astro.caltech.edu/~george/ay21/eaa/eaa-lyaforest.pdf},
  Publisher = {IOP Publishing Ltd}
}

@article{EvidenceRion,
  Title = { Evidence for Reionization at z ~ 6},
  Author = { Robert H. Becker },
  Journal = {The Astronomical Journal},
  Volume = {122},
  Issue = {6},
  Pages = {1-3},
  Numpages = {3},
  Year = {2006},
  Month = {},
  DOI = {10.1086/324231},
  url = {http://iopscience.iop.org/1538-3881/122/6/2850/pdf/1538-3881_122_6_2850.pdf},
  Publisher = {}
}

@misc{DiffGrating,
  Author = {Vik Dhillon},
  Title = {{the grating equation}},
  Howpublished =“\url{http://www.vikdhillon.staff.shef.ac.uk/teaching/phy217/instruments/phy217_inst_grating.html}”,
  Year = {2011},
}

@misc{NIRSpec,
  Author = {NASA},
  Title = {{Near Infrared Spectrograph (NIRSpec)}},
  Howpublished =“\url{http:// http://www.jwst.nasa.gov/nirspec.html }”,
  Year = {2012},
}

@article{IntegralJWST,
  Title = {THE INTEGRAL FIELD UNIT FOR THE JAMES WEBB SPACE TELESCOPE'S NEAR-INFRARED SPECTROGRAPH},
  Author = { David J Purll },
  Pages = {1-2},
  Numpages = {2},
  Year = {2010},
  Month = {October},
  url ={http://congrex.nl/icso/Papers/Session%203b/FCXNL-10A02-1984897-1-PURLL_ICSO_PAPER.pdf },
  Publisher = { ICSO }
}

@misc{JWSTnumbers,
  Author = {Space Telescope Science Institute},
  Title = {{ James Webb Space Telescope
  NIRSpec Instrument Design}},
  Howpublished ="\url{http:// http://www.stsci.edu/jwst/instruments/nirspec/instrumentdesign/ }",
  Year = {2012},
}

@article{SIMPLEechelle,
  Title = {SIMPLE: A High Resolution Near-infrared
  Spectrograph for the E-ELT },
  Author = {Livia Origlia},
  Journal = {Synopses of E-ELT Phase A and Instrument Concept Studies},
  Pages = {1-2},
  Numpages = {2},
  Year = {2010},
  Month = {June},
  url = { http://www.astro.caltech.edu/~george/ay21/eaa/eaa-lyaforest.pdf},
  Publisher = {ESO}
}

@misc{HARMONI,
  Author = {The University of Oxford},
  Title = {{HARMONI}},
  Howpublished="\url{http://www2.physics.ox.ac.uk/research/optical-infrared-instrumentation/harmoni/}",
  Year = {2012},
}

@article{SpatialRes,
  Title = { PHYSICAL PROPERTIES OF SPECTROSCOPICALLY-CONFIRMED GALAXIES AT Z=6},
  Author = {Linhua Jiang},
  Journal = {Encyclopedia of Astronomy and Astrophysics},
  Pages = {2},
  Numpages = {2},
  Year = {2013},
  Month = {March},
  url = { http://arxiv.org/abs/1303.0027 },
  Publisher = {Cornell University}
}

@misc{TransofAtomicH,
  author = { Alfred-Vidal Madjar },
  title = {{Lyman Alpha}},
  howpublished = "\url{http://www.springerreference.com/docs/html/chapterdbid/30747.html}",
  year = {2013},
}

@misc{RedshiftEquation,
  author = { Mike Luciuk},
  title = {{Astronomical Redshift}},
  howpublished = "\url{http://www.asterism.org/tutorials/tut29-1.htm}",
  year = {2004},
}

@misc{SpectoG,
  author = {Vik Dhillon},
  title = {{basic spectrograph design}},
  howpublished = "\url{http://www.vikdhillon.staff.shef.ac.uk/teaching/phy217/instruments/phy217_inst_basicspect.html}",
  year = {2012},
}

@article{JWSTinformation,
  title = {JWST Primer, Version 2.0},
  author = {Stiavelli, M.},
  pages = {18-22},
  numpages = {4},
  year = {2009},
  month = {May},
  url = {http://www.stsci.edu/jwst/doc-archive/handbooks/JWST_Primer_v20.pdf},
  publisher = {Space Telescope Science Institute}
}

@misc{IntegralSpec,
  author = {Jeremy Allington-Smith},
  title = {{Integral Field Spectroscopy}},
  howpublished = "\url{ http://star-www.dur.ac.uk/~jra/integral_field.html}",
  year = {1998},
}

@misc{MultiObjectAOptics,
  author = {Johann Radon Institute},
  title = {{Multi object adaptive optics}},
  howpublished = "\url{ http://eso-ao.indmath.uni-linz.ac.at/index.php/subprojects/multi-object-adaptive-optics}",
  year = {2013},
}

@misc{Echelleprinc,
  author = {Vik Dhillon},
  title = {{echelle spectrographs}},
  howpublished="\url{http://www.vikdhillon.staff.shef.ac.uk/teaching/phy217/instruments/phy217_inst_echelle.html }",
  year = {2011},
}

@misc{Hstats,
  author = {University of Oxford},
  title = {{Specifications - Spectral}},
  howpublished="\url{http://astroweb1.physics.ox.ac.uk/instr/HARMONI/Specifications/spectral.html}",
  year = {2013},
}

@article{Counts,
  title = {STIS Instrument Handbook, Version 12.0},
  author = {Hernandez, S. et al.},
  year = {2012},
  month = {Dec},
  url = {http://www.stsci.edu/hst/stis/documents/handbooks/currentIHB/c06_exptime3.html},
  publisher = {Space Telescope Science Institute}
}

@article{Signal,
  title = {STIS Instrument Handbook, Version 12.0},
  author = {Hernandez, S. et al.},
  year = {2012},
  month = {Dec},
  url = { http://www.stsci.edu/hst/stis/documents/handbooks/currentIHB/c06_exptime5.html },
  publisher = {Space Telescope Science Institute}
}

@article{Fanetal,
  title = {Observational constraints on Cosmic Reionization},
  author = {Fan, X., Carilli, C.L., Keating, B.},
  journal = {Ann.Rev.Astron.Astrophys.44:415-462,2006},
  volume = {106},
  issue = {13},
  pages = {87},
  numpages = {1},
  year = {2006},
  month = {May},
  doi = {10.1146/annurev.astro.44.051905.092514},
  url = {http://arxiv.org/pdf/astro-ph/0602375v2.pdf},
  publisher = {Annual Reviews}
}

@article{BBNabundance,
  author={David Tytler and John M O'Meara and Nao Suzuki and Dan Lubin},
  title={Review of Big Bang Nucleosynthesis and Primordial Abundances},
  journal={Physica Scripta},
  volume={2000},
  number={T85},
  url={http://stacks.iop.org/1402-4896/2000/i=T85/a=002},
  year={2000}
}

@misc{hyperphysics21,
  author    = {R Nave},
  title     = {{The Hydrogen 21-cm Line}},
  howpublished  = "\url{http://hyperphysics.phy-astr.gsu.edu/hbase/quantum/h21.html}",
  year      = {2000},
}

@article{mack2012detecting,
  title={Detecting the redshifted 21 cm forest during reionization},
  author={Mack, Katherine J and Wyithe, J Stuart B},
  journal={Monthly Notices of the Royal Astronomical Society},
  volume={425},
  number={4},
  pages={2988--3001},
  year={2012},
  publisher={Wiley Online Library}
}

@article{liu2011method,
  title={A method for 21 cm power spectrum estimation in the presence of foregrounds},
  author={Liu, Adrian and Tegmark, Max},
  journal={Physical Review D},
  volume={83},
  number={10},
  pages={103006},
  year={2011},
  publisher={APS}
}

@article{petrovic2011systematic,
  title={Systematic effects of foreground removal in 21-cm surveys of reionization},
  author={Petrovic, Nada and Oh, S Peng},
  journal={Monthly Notices of the Royal Astronomical Society},
  volume={413},
  number={3},
  pages={2103--2120},
  year={2011},
  publisher={Wiley Online Library}
}

@article{parsons2012sensitivity,
  title={A Sensitivity and Array-configuration Study for Measuring the Power Spectrum of 21 cm Emission from Reionization},
  author={Parsons, Aaron and Pober, Jonathan and McQuinn, Matthew and Jacobs, Daniel and Aguirre, James},
  journal={The Astrophysical Journal},
  volume={753},
  number={1},
  pages={81},
  year={2012},
  publisher={IOP Publishing}
}

@article{mcgreer2011first,
  title={The first (nearly) model-independent constraint on the neutral hydrogen fraction at},
  author={McGreer, Ian D and Mesinger, Andrei and Fan, Xiaohui},
  journal={Monthly Notices of the Royal Astronomical Society},
  volume={415},
  number={4},
  pages={3237--3246},
  year={2011},
  publisher={Wiley Online Library}
}

@book{Kitchin,
       author = {C.R. Kitchin},
        title = {Astrophysical techniques (Fifth Edition)},
    publisher = {CRC Press, U.S.A},
         year = "2009",
}

@misc{Romanishin,
  author    = {W.Romanishin},
  title     = {{An Introduction to Astronomical Photometry Using CCDs}},
  howpublished  = "\url{http://homepage.usask.ca/~ges125/Astronomy/wrccd4a.pdf}",
  year      = {2012},
}


@article{stein1983dust,
  title={Dust in galaxies},
  author={Stein, Wayne A and Soifer, BT},
  journal={Annual Review of Astronomy and Astrophysics},
  volume={21},
  pages={177--207},
  year={1983}
}

@misc{hyperz,
  author    = {Micol Bolzonella, Roser Pell and Joan-Marc Miralles},
  title     = {{Hyperz manual}},
  howpublished  = "\url{http://webast.ast.obs-mip.fr/hyperz/}",
  year      = {2000},
}

@misc{NEDex,
  author    = {Joe Mazzarella, Barry Madore, George Helou},
  title     = {{Coordinate Transformation and Galactic Extinction Calculator}},
  howpublished  = "\url{http://ned.ipac.caltech.edu/forms/calculator.html}",
  year      = {2012},
}

@article{lorenzoni2013constraining,
  title={Constraining the bright-end of the UV luminosity function for zÅ 7--9 galaxies: results from CANDELS/GOODS-South},
  author={Lorenzoni, Silvio and Bunker, Andrew J and Wilkins, Stephen M and Caruana, Joseph and Stanway, Elizabeth R and Jarvis, Matt J},
  journal={Monthly Notices of the Royal Astronomical Society},
  volume={429},
  number={1},
  pages={150--158},
  year={2013},
  publisher={Oxford University Press}
}

@article{Graham,
  title={Optical and Infrared Nondetection of the z= 10 Galaxy behind Abell 1835},
  author={Smith, Graham P and Sand, David J and Egami, Eiichi and Stern, Daniel and Eisenhardt, Peter R},
  journal={The Astrophysical Journal},
  volume={636},
  number={2},
  pages={575},
  year={2008},
  publisher={IOP Publishing}
}
