







@book{Kitchin,
       author = {C.R. Kitchin},
        title = {Astrophysical techniques (Fifth Edition)},
    publisher = {CRC Press, U.S.A},
         year = "2009",
}

@misc{Romanishin,
  author 		= {W.Romanishin},
  title 		= {{An Introduction to Astronomical Photometry Using CCDs}},
  howpublished  = "\url{http://homepage.usask.ca/~ges125/Astronomy/wrccd4a.pdf}",
  year 			= {2012},
}


@article{stein1983dust,
  title={Dust in galaxies},
  author={Stein, Wayne A and Soifer, BT},
  journal={Annual Review of Astronomy and Astrophysics},
  volume={21},
  pages={177--207},
  year={1983}
}

@misc{hyperz,
  author 		= {Micol Bolzonella, Roser Pelló and Joan-Marc Miralles},
  title 		= {{Hyperz manual}},
  howpublished  = "\url{http://webast.ast.obs-mip.fr/hyperz/}",
  year 			= {2000},
}

@misc{NEDex,
  author 		= {Joe Mazzarella, Barry Madore, George Helou},
  title 		= {{Coordinate Transformation & Galactic Extinction Calculator}},
  howpublished  = "\url{http://ned.ipac.caltech.edu/forms/calculator.html}",
  year 			= {2012},
}

@article{lorenzoni2013constraining,
  title={Constraining the bright-end of the UV luminosity function for z≈ 7--9 galaxies: results from CANDELS/GOODS-South},
  author={Lorenzoni, Silvio and Bunker, Andrew J and Wilkins, Stephen M and Caruana, Joseph and Stanway, Elizabeth R and Jarvis, Matt J},
  journal={Monthly Notices of the Royal Astronomical Society},
  volume={429},
  number={1},
  pages={150--158},
  year={2013},
  publisher={Oxford University Press}
}

@article{Graham,
  title={Optical and Infrared Nondetection of the z= 10 Galaxy behind Abell 1835},
  author={Smith, Graham P and Sand, David J and Egami, Eiichi and Stern, Daniel and Eisenhardt, Peter R},
  journal={The Astrophysical Journal},
  volume={636},
  number={2},
  pages={575},
  year={2008},
  publisher={IOP Publishing}
}
































